@inproceedings{kawale2015efficient,
  title={Efficient Thompson Sampling for Onlineï¿¼ Matrix-Factorization Recommendation},
  author={Kawale, Jaya and Bui, Hung H and Kveton, Branislav and Tran-Thanh, Long and Chawla, Sanjay},
  booktitle={Advances in neural information processing systems},
  pages={1297--1305},
  year={2015}
}

@article{wang2017online,
  title={Online Interactive Collaborative Filtering Using Multi-Armed Bandit with Dependent Arms},
  author={Wang, Qing and Zeng, Chunqiu and Zhou, Wubai and Li, Tao and Shwartz, Larisa and Grabarnik, Genady Ya},
  journal={arXiv preprint arXiv:1708.03058},
  year={2017}
}

@inproceedings{zhao2013interactive,
  title={Interactive collaborative filtering},
  author={Zhao, Xiaoxue and Zhang, Weinan and Wang, Jun},
  booktitle={Proceedings of the 22nd ACM international conference on Conference on information \& knowledge management},
  pages={1411--1420},
  year={2013},
  organization={ACM}
}

@article{cherkassky2013sequential,
  title={Sequential monte carlo bandits},
  author={Cherkassky, Michael and Bornn, Luke},
  journal={arXiv preprint arXiv:1310.1404},
  year={2013}
}
